/home/andrewacashner/lib/texmf/bibtex/bib/master.bib